@misc{chaillou_2019,
  title={Expliquer.},
  url={http://stanislaschaillou.com/expliquer/},
  journal={Stanislaschaillou.com},
  author={Chaillou,
  Stanislas},
  year={2019} 
}

@inproceedings{isola2017image,
  title={Image-to-image translation with conditional adversarial networks},
  author={Isola, Phillip and Zhu, Jun-Yan and Zhou, Tinghui and Efros, Alexei A},
  booktitle={Proceedings of the IEEE conference on computer vision and pattern recognition},
  pages={1125--1134},
  year={2017}
}

@inproceedings{zhu2017unpaired,
  title={Unpaired image-to-image translation using cycle-consistent adversarial networks},
  author={Zhu, Jun-Yan and Park, Taesung and Isola, Phillip and Efros, Alexei A},
  booktitle={Proceedings of the IEEE international conference on computer vision},
  pages={2223--2232},
  year={2017}
}

@article{goyal2019sugaman,
  title={SUGAMAN: describing floor plans for visually impaired by annotation learning and proximity-based grammar}, 
  author={Goyal, Shreya and Bhavsar, Satya and Patel, Shreya and Chattopadhyay, Chiranjoy and Bhatnagar, Gaurav},
  journal={IET Image Processing},
  volume={13},
  number={13},
  pages={2623--2635},
  year={2019},
  publisher={IET}
}

@article{green2010colour,
  title={A colour alphabet and the limits of colour coding},
  author={Green-Armytage, Paul},
  journal={JAIC-Journal of the International Colour Association},
  volume={5},
  year={2010}
}
@article{de2015cvc,
  title={CVC-FP and SGT: a new database for structural floor plan analysis and its groundtruthing tool},
  author={de las Heras, Llu{\'\i}s-Pere and Terrades, Oriol Ramos and Robles, Sergi and S{\'a}nchez, Gemma},
  journal={International Journal on Document Analysis and Recognition (IJDAR)},
  volume={18},
  number={1},
  pages={15--30},
  year={2015},
  publisher={Springer}
}
@misc{chattopadhyay_2021,
  title={ROBIN Dataset},
  url={https://github.com/gesstalt/ROBIN},
  journal={GitHub},
  author={Chattopadhyay,
  Avatar Chiranjoy},
  year={2021}
}
@article{luc2016semantic,
  title={Semantic segmentation using adversarial networks},
  author={Luc, Pauline and Couprie, Camille and Chintala, Soumith and Verbeek, Jakob},
  journal={arXiv preprint arXiv:1611.08408},
  year={2016}
}
@inproceedings{long2015fully,
  title={Fully convolutional networks for semantic segmentation},
  author={Long, Jonathan and Shelhamer, Evan and Darrell, Trevor},
  booktitle={Proceedings of the IEEE conference on computer vision and pattern recognition},
  pages={3431--3440},
  year={2015}
}

@inproceedings{dodge2017parsing,
  title={Parsing floor plan images},
  author={Dodge, Samuel and Xu, Jiu and Stenger, Bj{\"o}rn},
  booktitle={2017 Fifteenth IAPR international conference on machine vision applications (MVA)},
  pages={358--361},
  year={2017},
  organization={IEEE}
}

% FOR 3D GENERATION
@inproceedings{vidanapathirana2021plan2scene,
  title={Plan2Scene: Converting Floorplans to 3D Scenes},
  author={Vidanapathirana, Madhawa and Wu, Qirui and Furukawa, Yasutaka and Chang, Angel X and Savva, Manolis},
  booktitle={Proceedings of the IEEE/CVF Conference on Computer Vision and Pattern Recognition},
  pages={10733--10742},
  year={2021}
}

@inproceedings{wu2018learning,
  title={Learning shape priors for single-view 3d completion and reconstruction},
  author={Wu, Jiajun and Zhang, Chengkai and Zhang, Xiuming and Zhang, Zhoutong and Freeman, William T and Tenenbaum, Joshua B},
  booktitle={Proceedings of the European Conference on Computer Vision (ECCV)},
  pages={646--662},
  year={2018}
}

@inproceedings{shin2018pixels,
  title={Pixels, voxels, and views: A study of shape representations for single view 3d object shape prediction},
  author={Shin, Daeyun and Fowlkes, Charless C and Hoiem, Derek},
  booktitle={Proceedings of the IEEE conference on computer vision and pattern recognition},
  pages={3061--3069},
  year={2018}
}

@inproceedings{liu2017interactive,
  title={Interactive 3D modeling with a generative adversarial network},
  author={Liu, Jerry and Yu, Fisher and Funkhouser, Thomas},
  booktitle={2017 International Conference on 3D Vision (3DV)},
  pages={126--134},
  year={2017},
  organization={IEEE}
}

@inproceedings{liu2017raster,
  title={Raster-to-vector: Revisiting floorplan transformation},
  author={Liu, Chen and Wu, Jiajun and Kohli, Pushmeet and Furukawa, Yasutaka},
  booktitle={Proceedings of the IEEE International Conference on Computer Vision},
  pages={2195--2203},
  year={2017}
}

@inproceedings{wu2016learning,
  title={Learning a probabilistic latent space of object shapes via 3d generative-adversarial modeling},
  author={Wu, Jiajun and Zhang, Chengkai and Xue, Tianfan and Freeman, William T and Tenenbaum, Joshua B},
  booktitle={Proceedings of the 30th International Conference on Neural Information Processing Systems},
  pages={82--90},
  year={2016}
}

%Others

@inproceedings{yong2020momentum,
  title={Momentum batch normalization for deep learning with small batch size},
  author={Yong, Hongwei and Huang, Jianqiang and Meng, Deyu and Hua, Xiansheng and Zhang, Lei},
  booktitle={European Conference on Computer Vision},
  pages={224--240},
  year={2020},
  organization={Springer}
}

@inproceedings{nauata2020house,
  title={House-gan: Relational generative adversarial networks for graph-constrained house layout generation},
  author={Nauata, Nelson and Chang, Kai-Hung and Cheng, Chin-Yi and Mori, Greg and Furukawa, Yasutaka},
  booktitle={European Conference on Computer Vision},
  pages={162--177},
  year={2020},
  organization={Springer}
}

@inproceedings{chen2020intelligent,
  title={Intelligent home 3d: Automatic 3d-house design from linguistic descriptions only},
  author={Chen, Qi and Wu, Qi and Tang, Rui and Wang, Yuhan and Wang, Shuai and Tan, Mingkui},
  booktitle={Proceedings of the IEEE/CVF Conference on Computer Vision and Pattern Recognition},
  pages={12625--12634},
  year={2020}
}

@inproceedings{jha2020doubleu,
  title={Doubleu-net: A deep convolutional neural network for medical image segmentation},
  author={Jha, Debesh and Riegler, Michael A and Johansen, Dag and Halvorsen, P{\aa}l and Johansen, H{\aa}vard D},
  booktitle={2020 IEEE 33rd International symposium on computer-based medical systems (CBMS)},
  pages={558--564},
  year={2020},
  organization={IEEE}
}

@inproceedings{schonfeld2020u,
  title={A u-net based discriminator for generative adversarial networks},
  author={Schonfeld, Edgar and Schiele, Bernt and Khoreva, Anna},
  booktitle={Proceedings of the IEEE/CVF Conference on Computer Vision and Pattern Recognition},
  pages={8207--8216},
  year={2020}
}

@article{ruder2016overview,
  title={An overview of gradient descent optimization algorithms},
  author={Ruder, Sebastian},
  journal={arXiv preprint arXiv:1609.04747},
  year={2016}
}

@inproceedings{szegedy2015going,
  title={Going deeper with convolutions},
  author={Szegedy, Christian and Liu, Wei and Jia, Yangqing and Sermanet, Pierre and Reed, Scott and Anguelov, Dragomir and Erhan, Dumitru and Vanhoucke, Vincent and Rabinovich, Andrew},
  booktitle={Proceedings of the IEEE conference on computer vision and pattern recognition},
  pages={1--9},
  year={2015}
}

@inproceedings{ronneberger2015u,
  title={U-net: Convolutional networks for biomedical image segmentation},
  author={Ronneberger, Olaf and Fischer, Philipp and Brox, Thomas},
  booktitle={International Conference on Medical image computing and computer-assisted intervention},
  pages={234--241},
  year={2015},
  organization={Springer}
}

@inproceedings{kajiya1986rendering,
  title={The rendering equation},
  author={Kajiya, James T},
  booktitle={Proceedings of the 13th annual conference on Computer graphics and interactive techniques},
  pages={143--150},
  year={1986}
}
@misc{heaton_2021,
 title={Applications of Deep Neural Networks},
 url={https://tinyurl.com/tcfvp5zw},
 journal={GitHub},
 author={Heaton,
 Jeff},
 year={2021} 
}

@article{centore2016srgb,
  title={sRGB centroids for the ISCC-NBS colour system},
  author={Centore, Paul},
  journal={Munsell Colour Sci. Painters},
  year={2016}
}
@article{heusel2017gans,
  title={Gans trained by a two time-scale update rule converge to a local nash equilibrium},
  author={Heusel, Martin and Ramsauer, Hubert and Unterthiner, Thomas and Nessler, Bernhard and Hochreiter, Sepp},
  journal={Advances in neural information processing systems},
  volume={30},
  year={2017}
}
@article{salimans2016improved,
  title={Improved techniques for training gans},
  author={Salimans, Tim and Goodfellow, Ian and Zaremba, Wojciech and Cheung, Vicki and Radford, Alec and Chen, Xi},
  journal={Advances in neural information processing systems},
  volume={29},
  pages={2234--2242},
  year={2016}
}

@misc{footprint,
  url={https://gitlab.com/khwopafinalyearproject/fpgan-dataset/-/blob/master/ROBIN/footprint_generation_combined.zip},
  journal={gitlab},
  year={2021}
}
@misc{docker_hub_2021,
  url={https://hub.docker.com/layers/nvidia/cuda/10.2-cudnn7-devel-ubuntu18.04/images/sha256-5b7fe0b9552f9ee0abf65c05d1facbd4c639606d904ecfa75f49503ba10ee5ff?context=explore},
  journal={Hub.docker.com},
  year={2021}
}
@misc{dockerganbase,
  url={https://hub.docker.com/r/bekojuniranjan/base_image_gan_18},
  journal={Hub.docker.com},
  year={2021}
}
@misc{unetandcnn,
  url={https://hub.docker.com/repository/docker/bekojuniranjan/unetandcnn},
  journal={Hub.docker.com},
  year={2021}
}